% This file was created with JabRef 2.5.
% Encoding: UTF-8

@ARTICLE{bartho-2009,
  author = {Bartho, Andreas},
  title = {Adding preprocessor directives and comments to syntax trees},
  year = {2009},
  comment = {Apparently not published (The paper says LDTA 2009, but the proceedings
	don't contain it, see http://www.sciencedirect.com/science/journal/15710661/253/7).},
  url = {http://bartho.net/publications/Adding_preprocessor_directives.pdf}
}

